[gd_scene load_steps=13 format=2]

[ext_resource path="res://objects/super_grotto/enemies/spritesheet/skeleton-walk_blue.png" type="Texture" id=1]
[ext_resource path="res://objects/super_grotto/enemies/enemy.gd" type="Script" id=2]

[sub_resource type="CapsuleShape2D" id=10]
radius = 7.94319
height = 9.29507

[sub_resource type="AtlasTexture" id=11]
atlas = ExtResource( 1 )
region = Rect2( 0, 0, 32, 32 )

[sub_resource type="AtlasTexture" id=12]
atlas = ExtResource( 1 )
region = Rect2( 32, 0, 32, 32 )

[sub_resource type="AtlasTexture" id=13]
atlas = ExtResource( 1 )
region = Rect2( 64, 0, 32, 32 )

[sub_resource type="AtlasTexture" id=14]
atlas = ExtResource( 1 )
region = Rect2( 96, 0, 32, 32 )

[sub_resource type="AtlasTexture" id=15]
atlas = ExtResource( 1 )
region = Rect2( 128, 0, 32, 32 )

[sub_resource type="AtlasTexture" id=16]
atlas = ExtResource( 1 )
region = Rect2( 160, 0, 32, 32 )

[sub_resource type="AtlasTexture" id=17]
atlas = ExtResource( 1 )
region = Rect2( 192, 0, 32, 32 )

[sub_resource type="AtlasTexture" id=18]
atlas = ExtResource( 1 )
region = Rect2( 224, 0, 32, 32 )

[sub_resource type="SpriteFrames" id=9]
animations = [ {
"frames": [ SubResource( 11 ), SubResource( 12 ), SubResource( 13 ), SubResource( 14 ), SubResource( 15 ), SubResource( 16 ), SubResource( 17 ), SubResource( 18 ) ],
"loop": true,
"name": "walk",
"speed": 5.0
} ]

[node name="enemy_skell" type="KinematicBody2D" groups=["souls"]]
script = ExtResource( 2 )
explosion = "res://objects/explosion/enemy_collect.tscn"

[node name="CollisionShape2D" type="CollisionShape2D" parent="."]
position = Vector2( 0.8909, 3.22951 )
shape = SubResource( 10 )

[node name="ground_check_l" type="RayCast2D" parent="."]
position = Vector2( -5, 10 )
enabled = true
cast_to = Vector2( 0, 10 )

[node name="ground_check_r" type="RayCast2D" parent="."]
position = Vector2( 7, 10 )
enabled = true
cast_to = Vector2( 0, 10 )

[node name="RayCast2D" type="RayCast2D" parent="."]
enabled = true
cast_to = Vector2( 15, 0 )
collide_with_areas = true

[node name="offscreen_timer" type="Timer" parent="."]

[node name="VisibilityNotifier2D" type="VisibilityNotifier2D" parent="."]

[node name="ceiling_check" type="RayCast2D" parent="."]
enabled = true
cast_to = Vector2( 0, -12 )

[node name="sprite" type="AnimatedSprite" parent="."]
frames = SubResource( 9 )
animation = "walk"

[connection signal="viewport_entered" from="VisibilityNotifier2D" to="." method="_on_VisibilityNotifier2D_viewport_entered"]
[connection signal="viewport_exited" from="VisibilityNotifier2D" to="." method="_on_VisibilityNotifier2D_viewport_exited"]
