[gd_scene load_steps=21 format=2]

[ext_resource path="res://fonts/Adventurer.ttf" type="DynamicFontData" id=1]
[ext_resource path="res://scenes/Title_Menu.gd" type="Script" id=2]
[ext_resource path="res://objects/death/sprite/death_lamp.png" type="Texture" id=3]
[ext_resource path="res://snds/except.ogg" type="AudioStream" id=4]

[sub_resource type="DynamicFont" id=1]
size = 30
font_data = ExtResource( 1 )

[sub_resource type="Theme" id=2]
default_font = SubResource( 1 )

[sub_resource type="DynamicFont" id=3]
size = 20
font_data = ExtResource( 1 )

[sub_resource type="Theme" id=4]
default_font = SubResource( 3 )

[sub_resource type="Animation" id=5]
length = 0.001
tracks/0/type = "value"
tracks/0/path = NodePath("Start:modulate")
tracks/0/interp = 1
tracks/0/loop_wrap = true
tracks/0/imported = false
tracks/0/enabled = true
tracks/0/keys = {
"times": PoolRealArray( 0 ),
"transitions": PoolRealArray( 1 ),
"update": 0,
"values": [ Color( 1, 1, 1, 1 ) ]
}
tracks/1/type = "value"
tracks/1/path = NodePath(".:modulate")
tracks/1/interp = 1
tracks/1/loop_wrap = true
tracks/1/imported = false
tracks/1/enabled = true
tracks/1/keys = {
"times": PoolRealArray( 0 ),
"transitions": PoolRealArray( 1 ),
"update": 0,
"values": [ Color( 1, 1, 1, 1 ) ]
}

[sub_resource type="Animation" id=6]
resource_name = "default"
length = 3.0
loop = true
tracks/0/type = "value"
tracks/0/path = NodePath("Start:modulate")
tracks/0/interp = 1
tracks/0/loop_wrap = true
tracks/0/imported = false
tracks/0/enabled = true
tracks/0/keys = {
"times": PoolRealArray( 0, 0.5, 2.5, 3 ),
"transitions": PoolRealArray( 1, 1, 1, 1 ),
"update": 0,
"values": [ Color( 1, 1, 1, 0 ), Color( 1, 1, 1, 1 ), Color( 1, 1, 1, 1 ), Color( 1, 1, 1, 0 ) ]
}

[sub_resource type="Animation" id=16]
resource_name = "fade_out"
length = 2.0
tracks/0/type = "value"
tracks/0/path = NodePath(".:modulate")
tracks/0/interp = 1
tracks/0/loop_wrap = true
tracks/0/imported = false
tracks/0/enabled = true
tracks/0/keys = {
"times": PoolRealArray( 0, 1.5 ),
"transitions": PoolRealArray( 1, 1 ),
"update": 0,
"values": [ Color( 1, 1, 1, 1 ), Color( 1, 1, 1, 0 ) ]
}
tracks/1/type = "method"
tracks/1/path = NodePath(".")
tracks/1/interp = 1
tracks/1/loop_wrap = true
tracks/1/imported = false
tracks/1/enabled = true
tracks/1/keys = {
"times": PoolRealArray( 2 ),
"transitions": PoolRealArray( 1 ),
"values": [ {
"args": [  ],
"method": "next_scene"
} ]
}
tracks/2/type = "audio"
tracks/2/path = NodePath("snd")
tracks/2/interp = 1
tracks/2/loop_wrap = true
tracks/2/imported = false
tracks/2/enabled = true
tracks/2/keys = {
"clips": [ {
"end_offset": 0.0,
"start_offset": 0.0,
"stream": ExtResource( 4 )
} ],
"times": PoolRealArray( 0 )
}

[sub_resource type="AtlasTexture" id=7]
atlas = ExtResource( 3 )
region = Rect2( 0, 0, 48, 48 )

[sub_resource type="AtlasTexture" id=8]
atlas = ExtResource( 3 )
region = Rect2( 48, 0, 48, 48 )

[sub_resource type="AtlasTexture" id=9]
atlas = ExtResource( 3 )
region = Rect2( 96, 0, 48, 48 )

[sub_resource type="AtlasTexture" id=10]
atlas = ExtResource( 3 )
region = Rect2( 0, 48, 48, 48 )

[sub_resource type="AtlasTexture" id=11]
atlas = ExtResource( 3 )
region = Rect2( 48, 48, 48, 48 )

[sub_resource type="AtlasTexture" id=12]
atlas = ExtResource( 3 )
region = Rect2( 96, 48, 48, 48 )

[sub_resource type="SpriteFrames" id=13]
animations = [ {
"frames": [ SubResource( 7 ), SubResource( 8 ), SubResource( 9 ), SubResource( 10 ), SubResource( 11 ), SubResource( 12 ) ],
"loop": true,
"name": "default",
"speed": 5.0
} ]

[sub_resource type="Animation" id=14]
length = 0.001
tracks/0/type = "value"
tracks/0/path = NodePath("death:position")
tracks/0/interp = 1
tracks/0/loop_wrap = true
tracks/0/imported = false
tracks/0/enabled = true
tracks/0/keys = {
"times": PoolRealArray( 0 ),
"transitions": PoolRealArray( 1 ),
"update": 0,
"values": [ Vector2( -32, 225 ) ]
}

[sub_resource type="Animation" id=15]
resource_name = "walk"
length = 5.0
loop = true
tracks/0/type = "value"
tracks/0/path = NodePath("death:position")
tracks/0/interp = 1
tracks/0/loop_wrap = true
tracks/0/imported = false
tracks/0/enabled = true
tracks/0/keys = {
"times": PoolRealArray( 0, 5 ),
"transitions": PoolRealArray( 1, 1 ),
"update": 0,
"values": [ Vector2( -32, 225 ), Vector2( 600, 225 ) ]
}
tracks/1/type = "method"
tracks/1/path = NodePath(".")
tracks/1/interp = 1
tracks/1/loop_wrap = true
tracks/1/imported = false
tracks/1/enabled = true
tracks/1/keys = {
"times": PoolRealArray( 5 ),
"transitions": PoolRealArray( 1 ),
"values": [ {
"args": [  ],
"method": "credits"
} ]
}

[node name="Title_Menu" type="Control"]
anchor_right = 1.0
anchor_bottom = 1.0
rect_pivot_offset = Vector2( -302, -83 )
script = ExtResource( 2 )

[node name="Title" type="Label" parent="."]
anchor_right = 1.0
margin_bottom = 169.0
size_flags_horizontal = 3
size_flags_vertical = 7
theme = SubResource( 2 )
text = "DEATH'S COLLECTION"
align = 1
valign = 1

[node name="Start" type="Label" parent="."]
anchor_right = 1.0
margin_top = 70.0
margin_bottom = 169.0
size_flags_horizontal = 3
size_flags_vertical = 7
theme = SubResource( 4 )
text = "Press Start"
align = 1
valign = 1

[node name="fade" type="AnimationPlayer" parent="."]
autoplay = "default"
anims/RESET = SubResource( 5 )
anims/default = SubResource( 6 )
anims/fade_out = SubResource( 16 )

[node name="death" type="AnimatedSprite" parent="."]
position = Vector2( -32, 225 )
scale = Vector2( 2, 2 )
frames = SubResource( 13 )
frame = 5
playing = true

[node name="death2" type="AnimationPlayer" parent="."]
autoplay = "walk"
playback_speed = 0.3
anims/RESET = SubResource( 14 )
anims/walk = SubResource( 15 )

[node name="snd" type="AudioStreamPlayer" parent="."]
