[gd_scene load_steps=25 format=2]

[ext_resource path="res://objects/death/sounds/jump_01.wav" type="AudioStream" id=1]
[ext_resource path="res://objects/death/sprite/death.png" type="Texture" id=2]
[ext_resource path="res://objects/death/player.gd" type="Script" id=3]
[ext_resource path="res://objects/death/sprite/death_lamp.png" type="Texture" id=4]
[ext_resource path="res://objects/light_textures/lamp_02.png" type="Texture" id=5]
[ext_resource path="res://objects/shaders/hue_shift.shader" type="Shader" id=6]

[sub_resource type="ShaderMaterial" id=28]
shader = ExtResource( 6 )
shader_param/Shift_Hue = null

[sub_resource type="AtlasTexture" id=14]
atlas = ExtResource( 2 )
region = Rect2( 0, 48, 48, 48 )

[sub_resource type="AtlasTexture" id=21]
atlas = ExtResource( 4 )
region = Rect2( 48, 0, 48, 48 )

[sub_resource type="AtlasTexture" id=15]
atlas = ExtResource( 2 )
region = Rect2( 0, 0, 48, 48 )

[sub_resource type="AtlasTexture" id=16]
atlas = ExtResource( 2 )
region = Rect2( 48, 0, 48, 48 )

[sub_resource type="AtlasTexture" id=17]
atlas = ExtResource( 2 )
region = Rect2( 96, 0, 48, 48 )

[sub_resource type="AtlasTexture" id=18]
atlas = ExtResource( 2 )
region = Rect2( 0, 48, 48, 48 )

[sub_resource type="AtlasTexture" id=19]
atlas = ExtResource( 2 )
region = Rect2( 48, 48, 48, 48 )

[sub_resource type="AtlasTexture" id=20]
atlas = ExtResource( 2 )
region = Rect2( 96, 48, 48, 48 )

[sub_resource type="AtlasTexture" id=22]
atlas = ExtResource( 4 )
region = Rect2( 0, 0, 48, 48 )

[sub_resource type="AtlasTexture" id=23]
atlas = ExtResource( 4 )
region = Rect2( 48, 0, 48, 48 )

[sub_resource type="AtlasTexture" id=24]
atlas = ExtResource( 4 )
region = Rect2( 96, 0, 48, 48 )

[sub_resource type="AtlasTexture" id=25]
atlas = ExtResource( 4 )
region = Rect2( 0, 48, 48, 48 )

[sub_resource type="AtlasTexture" id=26]
atlas = ExtResource( 4 )
region = Rect2( 48, 48, 48, 48 )

[sub_resource type="AtlasTexture" id=27]
atlas = ExtResource( 4 )
region = Rect2( 96, 48, 48, 48 )

[sub_resource type="SpriteFrames" id=11]
animations = [ {
"frames": [ SubResource( 14 ) ],
"loop": true,
"name": "default",
"speed": 5.0
}, {
"frames": [ SubResource( 21 ) ],
"loop": true,
"name": "default_lamp",
"speed": 5.0
}, {
"frames": [ SubResource( 15 ), SubResource( 16 ), SubResource( 17 ), SubResource( 18 ), SubResource( 19 ), SubResource( 20 ) ],
"loop": true,
"name": "walk",
"speed": 10.0
}, {
"frames": [ SubResource( 22 ), SubResource( 23 ), SubResource( 24 ), SubResource( 25 ), SubResource( 26 ), SubResource( 27 ) ],
"loop": true,
"name": "walk_lamp",
"speed": 5.0
} ]

[sub_resource type="RectangleShape2D" id=13]
extents = Vector2( 5.5, 8.75 )

[sub_resource type="CapsuleShape2D" id=12]
radius = 5.12996
height = 4.22666

[node name="player" type="KinematicBody2D" groups=["players"]]
scale = Vector2( 2, 2 )
collision_layer = 2
collision_mask = 7
script = ExtResource( 3 )
explosion2 = "res://objects/explosion/enemy_collect.tscn"

[node name="sprite" type="AnimatedSprite" parent="."]
material = SubResource( 28 )
position = Vector2( 0, -3 )
scale = Vector2( 0.5, 0.5 )
frames = SubResource( 11 )
animation = "walk_lamp"
frame = 4
playing = true

[node name="Area2D" type="Area2D" parent="."]

[node name="CollisionShape2D" type="CollisionShape2D" parent="Area2D"]
position = Vector2( 0, 0.25 )
shape = SubResource( 13 )

[node name="jump_snd" type="AudioStreamPlayer2D" parent="."]
stream = ExtResource( 1 )

[node name="RayCast2D" type="RayCast2D" parent="."]
position = Vector2( -4.09474, -0.866196 )
enabled = true
cast_to = Vector2( 0, 13 )

[node name="RayCast2D2" type="RayCast2D" parent="."]
position = Vector2( 4, -0.866 )
enabled = true
cast_to = Vector2( 0, 13 )

[node name="CollisionShape2D" type="CollisionShape2D" parent="."]
position = Vector2( 0, 1.5 )
shape = SubResource( 12 )

[node name="respawn_timer" type="Timer" parent="."]
one_shot = true

[node name="Light2D" type="Light2D" parent="."]
visible = false
texture = ExtResource( 5 )
color = Color( 0.941176, 0.431373, 0.431373, 1 )
shadow_enabled = true

[node name="SizeTimer" type="Timer" parent="."]
wait_time = 5.0

[connection signal="body_entered" from="Area2D" to="." method="_on_Area2D_body_entered"]
[connection signal="timeout" from="respawn_timer" to="." method="_on_respawn_timer_timeout"]
[connection signal="timeout" from="SizeTimer" to="." method="_on_SizeTimer_timeout"]
