[gd_scene load_steps=11 format=2]

[ext_resource path="res://objects/ansimuz/sprites/bootleg-walk.png" type="Texture" id=1]
[ext_resource path="res://objects/ansimuz/enemy.gd" type="Script" id=2]

[sub_resource type="AtlasTexture" id=9]
atlas = ExtResource( 1 )
region = Rect2( 0, 0, 80, 80 )

[sub_resource type="AtlasTexture" id=10]
atlas = ExtResource( 1 )
region = Rect2( 80, 0, 80, 80 )

[sub_resource type="AtlasTexture" id=11]
atlas = ExtResource( 1 )
region = Rect2( 160, 0, 80, 80 )

[sub_resource type="AtlasTexture" id=12]
atlas = ExtResource( 1 )
region = Rect2( 240, 0, 80, 80 )

[sub_resource type="AtlasTexture" id=13]
atlas = ExtResource( 1 )
region = Rect2( 320, 0, 80, 80 )

[sub_resource type="AtlasTexture" id=14]
atlas = ExtResource( 1 )
region = Rect2( 400, 0, 80, 80 )

[sub_resource type="SpriteFrames" id=7]
animations = [ {
"frames": [ SubResource( 9 ), SubResource( 10 ), SubResource( 11 ), SubResource( 12 ), SubResource( 13 ), SubResource( 14 ) ],
"loop": true,
"name": "walk",
"speed": 10.0
} ]

[sub_resource type="CapsuleShape2D" id=8]
radius = 12.3592
height = 18.2816

[node name="bootlegger" type="KinematicBody2D" groups=["enemies"]]
script = ExtResource( 2 )
speed = 2000
can_fall = true
wall_check_updown = 15

[node name="sprite" type="AnimatedSprite" parent="."]
position = Vector2( 2, 17 )
scale = Vector2( 0.6, 0.6 )
frames = SubResource( 7 )
animation = "walk"

[node name="CollisionShape2D" type="CollisionShape2D" parent="."]
position = Vector2( 1, 19 )
shape = SubResource( 8 )

[node name="ground_check_l" type="RayCast2D" parent="."]
position = Vector2( -5, 35 )
enabled = true
cast_to = Vector2( 0, 10 )

[node name="ground_check_r" type="RayCast2D" parent="."]
position = Vector2( 7, 35 )
enabled = true
cast_to = Vector2( 0, 10 )

[node name="RayCast2D" type="RayCast2D" parent="."]
position = Vector2( 0, 15 )
enabled = true
cast_to = Vector2( 25, 0 )

[node name="offscreen_timer" type="Timer" parent="."]

[node name="VisibilityNotifier2D" type="VisibilityNotifier2D" parent="."]
visible = false
position = Vector2( 0.445953, 3.12167 )

[node name="ceiling_check" type="RayCast2D" parent="."]
enabled = true
cast_to = Vector2( 0, -12 )

[connection signal="viewport_entered" from="VisibilityNotifier2D" to="." method="_on_VisibilityNotifier2D_viewport_entered"]
[connection signal="viewport_exited" from="VisibilityNotifier2D" to="." method="_on_VisibilityNotifier2D_viewport_exited"]
