[gd_scene load_steps=7 format=2]

[ext_resource path="res://objects/barrel/barrel.gd" type="Script" id=1]
[ext_resource path="res://objects/barrel/sprite.png" type="Texture" id=2]

[sub_resource type="RectangleShape2D" id=1]
extents = Vector2( 11.228, 7.3945 )

[sub_resource type="RectangleShape2D" id=2]
extents = Vector2( 12.539, 16.1 )

[sub_resource type="Animation" id=3]
resource_name = "death"
tracks/0/type = "bezier"
tracks/0/path = NodePath("sprite:frame")
tracks/0/interp = 1
tracks/0/loop_wrap = true
tracks/0/imported = false
tracks/0/enabled = true
tracks/0/keys = {
"points": PoolRealArray( 3, -0.25, 0, 0.25, 0, 7, -0.25, 0, 0.25, 0 ),
"times": PoolRealArray( 0, 0.5 )
}
tracks/1/type = "method"
tracks/1/path = NodePath(".")
tracks/1/interp = 1
tracks/1/loop_wrap = true
tracks/1/imported = false
tracks/1/enabled = true
tracks/1/keys = {
"times": PoolRealArray( 0.5 ),
"transitions": PoolRealArray( 1 ),
"values": [ {
"args": [  ],
"method": "queue_free"
} ]
}

[sub_resource type="Animation" id=4]
resource_name = "default"
tracks/0/type = "bezier"
tracks/0/path = NodePath("sprite:frame")
tracks/0/interp = 1
tracks/0/loop_wrap = true
tracks/0/imported = false
tracks/0/enabled = true
tracks/0/keys = {
"points": PoolRealArray( 0, -0.25, 0, 0.25, 0, 1, -0.25, 0, 0.25, 0 ),
"times": PoolRealArray( 0, 0.5 )
}

[node name="barrel" type="KinematicBody2D"]
script = ExtResource( 1 )

[node name="sprite" type="Sprite" parent="."]
texture = ExtResource( 2 )
vframes = 2
hframes = 4
frame = 3

[node name="CollisionShape2D" type="CollisionShape2D" parent="."]
position = Vector2( 0.374573, 14.9831 )
scale = Vector2( 1, 2 )
shape = SubResource( 1 )

[node name="offscreen_timer" type="Timer" parent="."]
wait_time = 5.0
one_shot = true
autostart = true

[node name="Area2D" type="Area2D" parent="." groups=[
"shootable",
]]

[node name="CollisionShape2D" type="CollisionShape2D" parent="Area2D"]
position = Vector2( 0.374573, 14.4212 )
shape = SubResource( 2 )

[node name="AnimationPlayer" type="AnimationPlayer" parent="."]
autoplay = "default"
anims/death = SubResource( 3 )
anims/default = SubResource( 4 )
[connection signal="timeout" from="offscreen_timer" to="." method="_on_offscreen_timer_timeout"]
[connection signal="area_shape_entered" from="Area2D" to="." method="_on_Area2D_area_shape_entered"]
[connection signal="body_entered" from="Area2D" to="." method="_on_Area2D_body_entered"]
